% Encoding: UTF-8

@InProceedings{example1,
  author    = {Johns, Brandon and Arashpour, Mehrdad and Abdi, Elahe},
  booktitle = {Proceedings of the 37th International Symposium on Automation and Robotics in Construction (ISARC)},
  title     = {Curtain Wall Installation for High-Rise Buildings: Critical Review of Current Automation Solutions and Opportunities},
  year      = {2020},
  pages     = {393--400},
  doi       = {10.22260/ISARC2020/0056},
  isbn      = {978-952-94-3634-7},
}

@InProceedings{example2,
  author    = {Kerry He and Brandon Johns and Elahe Abdi and Mehrdad Arashpour},
  booktitle = {Australasian Conference on Robotics and Automation, ACRA},
  title     = {Camera View from Crane Payload: Video Stabilization},
  year      = {2021},
  url       = {https://ssl.linklings.net/conferences/acra/acra2021_proceedings/views/includes/files/pap104s2-file1.pdf},
}

@Article{example3,
  author  = {Johns, Brandon and Abdi, Elahe and Arashpour, Mehrdad},
  journal = {Archives of Civil and Mechanical Engineering},
  title   = {Dynamical modelling of boom tower crane rigging systems: model selection for construction},
  year    = {2023},
  issn    = {1644-9665},
  number  = {3},
  pages   = {162},
  volume  = {23},
  doi     = {10.1007/s43452-023-00702-x},
}

@Dataset{example4,
  author = {Johns, Brandon and Abdi, Elahe and Arashpour, Mehrdad},
  doi    = {10.26180/23538198},
  title  = {Glass Curtain Wall Installation Dataset},
  year   = {2023},
}

@Article{example5,
  author  = {Brandon Johns and Elahe Abdi and Mehrdad Arashpour},
  journal = {Measurement},
  title   = {Crane payload localisation for curtain wall installation: A markerless computer vision approach},
  year    = {2023},
  issn    = {0263-2241},
  note    = {(In press)},
  pages   = {113459},
  doi     = {10.1016/j.measurement.2023.113459},
}
